@book{Wellenhoff2008,
author = {Hoffmann-Wellenhof, Bernhard},
title = {GNSS - Global Navigation Satellite Systems GPS, GLONASS, Galileo and more},
year = {2008},
isbn = {978-3-211-73012-6},
edition = {1st},
publisher = {SpringerWienNewYork},
address = {Austria},
}

@ARTICLE{MSadiku,
    author="Sadiku, M.N.O. and Akujuobi, C.M.",
    journal="IEEE Potentials", 
    title="Software-defined radio: a brief overview", 
    year="2004",
    volume="23",
    number="4",
    pages="14-15",
    doi="10.1109/MP.2004.1343223"
}

@ARTICLE{Antreich2022,
author={Egea-Roca, Daniel and Arizabaleta-Diez, Markel and Pany, Thomas and Antreich, Felix and A. and Paonni, Matteo and Seco-Granados, Gonzalo},
journal={IEEE Access}, 
title={GNSS User Technology: State-of-the-Art and Future Trends}, 
year={2022},
volume={10},
number={},
pages={39939-39968},
doi={10.1109/ACCESS.2022.3165594}
}

@ARTICLE{Zavorotny2014,
author={Zavorotny, Valery U. and Gleason, Scott and Cardellach, Estel and Camps, Adriano},
journal={IEEE Geoscience and Remote Sensing Magazine}, 
title={Tutorial on Remote Sensing Using GNSS Bistatic Radar of Opportunity}, 
year={2014},
volume={2},
number={4},
pages={8-45},
doi={10.1109/MGRS.2014.2374220}
}

@book{Teunissen2017,
author = {Teunissen, Peter J.G. and Motenbruck, Oliver},
title = {Handbook of Global Navegation Satellite Systems},
year = {2017},
isbn = {978-3-319-42926-7},
edition = {1st},
publisher = {Springer},
address = {GER},
}

@ARTICLE{Cosart2020,  author={Neil, Joseph and Cosart, Lee and Zampetti, George},  journal={IEEE Communications Magazine},   title={Precise Timing for Vehicle Navigation in the Smart City: An Overview},   year={2020},  volume={58},  number={4},  pages={54-59},  doi={10.1109/MCOM.001.1900596}}

@book{Userreport2020,
Address = {Czech Republic},
Org-Short = {EGSA},
Organization = {European Global Navegation Satellite Systems Agency},
Subtitle = {Issue 3},
Title = {GNSS User Technology Report},
Year = {2020}
}

@ARTICLE{Antennas2012,  author={Wang, Johnson J. H.},  journal={Proceedings of the IEEE},   title={Antennas for Global Navigation Satellite System (GNSS)},   year={2012},  volume={100},  number={7},  pages={2349-2355},  doi={10.1109/JPROC.2011.2179630}}

@inproceedings{soviero1997,
Author = {P. A. O. Soviero and L. G. M. Lavagna},
Title = {A Numerical Model for Thin Airfoils in Unsteady Motion},
Year = {1997},
Pages = {332-340},
Volume = {19},
Number = {3},
Booktitle = {Journal of the Brazilian Societyt Mechanical Sciences},	
}

@inproceedings{sparrow1980,
Author = {E. M. Sparrow},
Title = {Forced Convection Heat Transfer in a Duct Having Spanwise-Periodic
Rectangular Protuberances},
Year = {1980},
Pages = {149-167},
Volume = {3},
Booktitle = {Numerical Heat Transfer},
}

@article{clark1986,
Author = {J. A. Clark},
Title = {Private Communication},
Year = {1986},
Address = {University of Michigan},
}

@article{arruda2007,
Author = {M. B. B. Arruda},
Title = {Como fazer referências: bibliográficas, eletrônicas e demais
formas de documentos},
Year = {2007},
Url = {http://bu.ufsc.br/framerefer.html}
}

@article{coimbra1978,
Author = {A. L. Coimbra},
Title = {Lessons of Continuum Mechanics},
Year = {1978},
Address = {São Paulo, Brazil},
Pages = {428},
Editor = {Edgard Blücher},
}

@inproceedings{bordalo1989,
Author = {S. N. Bordalo and J. H. Ferziger and S. J. Kline},
Title = {The Development of Zonal Models for Turbulence},
Year = {1989},
Pages = {41-44},
Booktitle = {Proceedings of the 10th Brazilian Congress of Mechanical
Engineering}, 
Volume = {1},	
}

@manual{NBR147242011,
Address = {Rio de Janeiro},
Date-Added = {2012-12-15 20:34:08 +0000},
Date-Modified = {2012-12-15 20:35:25 +0000},
Month = mar,
Org-Short = {ABNT},
Organization = {Associa{\c c}\~ao Brasileira de Normas T\'ecnicas},
Pages = 15,
Subtitle = {Informa{\c c}\~ao e documenta{\c c}\~ao --- trabalhos acad\^emicos --- apresenta{\c c}\~ao},
Title = {{NBR} 14724},
Year = {2011}
}

@manual{NBR60342000,
Address = {Rio de Janeiro},
Org-Short = {ABNT},
Organization = {Associa{\c c}\~ao Brasileira de Normas T\'ecnicas},
Subtitle = {Informa{\c c}\~ao e documenta{\c c}\~ao --- Referências},
Title = {{NBR} 14724},
Year = {2000}
}

@book{Sommerville2007,
author = {Sommerville, Ian},
title = {Software Engineering},
year = {2007},
isbn = {978-0-321-31379-9, 0-321-31379-8},
edition = {9th},
publisher = {Addison-Wesley Publishing Company},
address = {USA},
}


